@article{
   author = {Belshe, Mike and Peon, Roberto},
   title = {SPDY protocol},
   year = {2012},
   type = {Journal Article}
}

@article{
   author = {Belshe, Mike and Thomson, Martin and Peon, Roberto},
   title = {Hypertext Transfer Protocol Version 2 (HTTP/2)},
   year = {2015},
   type = {Journal Article}
}

@misc{
   author = {Fielding, Roy and Gettys, Jim and Mogul, Jeffrey and Frystyk, Henrik and Masinter, Larry and Leach, Paul and Berners-Lee, Tim},
   title = {Hypertext transfer protocol--HTTP/1.1},
   publisher = {RFC 2616, June},
   year = {1999},
   type = {Generic}
}

@book{
   author = {Holovaty, Adrian and Kaplan-Moss, Jacob},
   title = {The definitive guide to Django: Web development done right},
   publisher = {Apress},
   ISBN = {1430219378},
   year = {2009},
   type = {Book}
}

@inproceedings{rasphome,
   author = {Jain, Sonal and Vaibhav, Anant and Goyal, Lovely},
   title = {Raspberry Pi based interactive home automation system through E-mail},
   booktitle = {Optimization, Reliabilty, and Information Technology (ICROIT), 2014 International Conference on},
   publisher = {IEEE},
   pages = {277-280},
   ISBN = {1479939587},
   type = {Conference Proceedings}
}

@book{imageprocessing,
   author = {Jensen, J.R.},
   title = {Introductory digital image processing: A remote sensing perspective},
   abstract = {This book, reviews the art and science of applying digital image processing techniques to remotely sensed imagery. The digital image processing techniques presented are multidisciplinary in nature, and can be used in most Earth science and social science research by scientists who believe that the analysis of remotely sensed data by computer may benefit their decision-making capability. CONTENTS: Introduction to Digital Image Processing. Remote Sensing Data Acquisition Alternatives. Image Processing System Considerations. Initial Statistics Extraction. Initial Display Alternatives. Image Preprocessing-Radometric/Geometric. Useful Image Enhancements. Thematic Information Extraction. Change Detection. Appendix A: The SENSOR Digital Image Processing System Consisting of FORTRAN Subroutines. Appendix B: Addresses of Public and Commercial Suppliers of Digital Image Processing Hardware and Software.},
   keywords = {99 GENERAL AND MISCELLANEOUS//MATHEMATICS, COMPUTING, AND INFORMATION SCIENCE
IMAGE PROCESSING
DIGITAL COMPUTERS
REVIEWS
ALGORITHMS
DATA ACQUISITION
DECISION MAKING
FORTRAN
PROGRAMMING
REMOTE SENSING
RESEARCH PROGRAMS
COMPUTERS
DOCUMENT TYPES
MATHEMATICAL LOGIC
PROCESSING
PROGRAMMING LANGUAGES},
   pages = {Medium: X; Size: Pages: 368},
   year = {1986},
   type = {Book}
}

@article{v4l2dev,
   author = {Jia, XU and Qi, CHEN},
   title = {Video driver development based on V4L2},
   journal = {Computer Engineering and Design},
   volume = {31},
   number = {16},
   pages = {3569},
   year = {2010},
   type = {Journal Article}
}

@misc{microimaging,
   author = {Kain, Robert C},
   title = {Micro-imaging system},
   publisher = {Google Patents},
   year = {1998},
   type = {Generic}
}

@article{docker,
   author = {Merkel, Dirk},
   title = {Docker: lightweight linux containers for consistent development and deployment},
   journal = {Linux Journal},
   volume = {2014},
   number = {239},
   pages = {2},
   ISSN = {1075-3583},
   year = {2014},
   type = {Journal Article}
}

@article{
   author = {Padhye, Jitu and Nielsen, Henrik Frystyk},
   title = {A comparison of SPDY and HTTP performance},
   journal = {Microsoft Res},
   year = {2012},
   type = {Journal Article}
}

@inproceedings{virtual,
   author = {Payne, Bryan D and Carbone, Martim and Sharif, Monirul and Lee, Wenke},
   title = {Lares: An architecture for secure active monitoring using virtualization},
   booktitle = {Security and Privacy, 2008. SP 2008. IEEE Symposium on},
   publisher = {IEEE},
   pages = {233-247},
   ISBN = {0769531687},
   type = {Conference Proceedings}
}

@article{raspHDMI,
   author = {Pi, Raspberry},
   title = {Raspberry pi},
   journal = {Raspberry Pi 1 HDMI 13 Secure Digital 34 Universal Serial Bus 56 Python (programming language) 84},
   pages = {1},
   year = {2012},
   type = {Journal Article}
}

@misc{imageformat,
   author = {Popa, Sorin},
   title = {File format for an image including multiple versions of an image, and related system and method},
   publisher = {Google Patents},
   year = {1999},
   type = {Generic}
}

@book{raspguide
   author = {Upton, Eben and Halfacree, Gareth},
   title = {Raspberry Pi user guide},
   publisher = {John Wiley & Sons},
   ISBN = {1118921666},
   year = {2014},
   type = {Book}
}

@article{restful,
   author = {Valente, Frederico and Viana-Ferreira, Carlos and Costa, Carlos and Oliveira, Jose Luis},
   title = {A RESTful image gateway for multiple medical image repositories},
   journal = {Information Technology in Biomedicine, IEEE Transactions on},
   volume = {16},
   number = {3},
   pages = {356-364},
   ISSN = {1089-7771},
   year = {2012},
   type = {Journal Article}
}

@inproceedings{
   author = {Verborgh, Ruben and Steiner, Thomas and Van Deursen, Davy and De Roo, Jos and Van de Walle, Rik and Vallés, Joaquim Gabarro},
   title = {Description and interaction of RESTful services for automatic discovery and execution},
   booktitle = {2011 FTRA International workshop on Advanced Future Multimedia Services (AFMS 2011)},
   publisher = {Future Technology Research Association International (FTRA)},
   ISBN = {8996509795},
   type = {Conference Proceedings}
}

@inproceedings{
   author = {Wang, Xiao Sophia and Balasubramanian, Aruna and Krishnamurthy, Arvind and Wetherall, David},
   title = {How speedy is SPDY?},
   booktitle = {11th USENIX Symposium on Networked Systems Design and Implementation (NSDI 14)},
   pages = {387-399},
   ISBN = {1931971099},
   type = {Conference Proceedings}
}

@inproceedings{v4l2embedded,
   author = {Yinli, Lu and Hongli, Yu and Pengpeng, Zhang},
   title = {The implementation of embedded image acquisition based on V4L2},
   booktitle = {Electronics, Communications and Control (ICECC), 2011 International Conference on},
   publisher = {IEEE},
   pages = {549-552},
   ISBN = {1457703203},
   type = {Conference Proceedings}
}

@article{bscs,
   author = {刘媛 and 张伟 and 王知学},
   title = {基于 B/S 和 C/S 架构的嵌入式远程监控系统},
   journal = {仪表技术与传感器},
   number = {10},
   pages = {39-41},
   year = {2008},
   type = {Journal Article}
}

@article{armimage,
   author = {姚聪 and 方勇 and 汪敏 and 潘志浩},
   title = {基于 ARM 的嵌入式图像采集处理系统及其无线传输},
   journal = {电子技术 (上海)},
   volume = {30},
   number = {11},
   pages = {25-28},
   year = {2003},
   type = {Journal Article}
}

@article{microimagingelc,
   author = {姚骏恩},
   title = {电子显微镜的现状与展望},
   journal = {电子显微学报},
   volume = {17},
   number = {6},
   pages = {767-776},
   year = {1998},
   type = {Journal Article}
}

@article{CCDCMOS,
   author = {宋敏 and 郐新凯 and 郑亚茹},
   title = {CCD 与 CMOS 图像传感器探测性能比较},
   journal = {半导体光电},
   volume = {26},
   number = {1},
   pages = {5-9},
   year = {2005},
   type = {Journal Article}
}

@book{GoogleAPI,
   author = {宽 and 小鹏},
   title = {Google API 开发详解: Google Maps 与 Google Earth 双剑合璧},
   publisher = {电子工业出版社},
   ISBN = {7894855510},
   year = {2008},
   type = {Book}
}

@article{ARMmonitor,
   author = {张晓东 and 李秀娟 and 张杰},
   title = {基于 ARM 的嵌入式远程监控系统设计},
   journal = {现代电子技术},
   volume = {31},
   number = {6},
   pages = {22-23},
   year = {2008},
   type = {Journal Article}
}

@article{monitordev,
   author = {李龙棋 and 方美发 and 唐晓腾},
   title = {树莓派平台下的实时监控系统开发},
   journal = {闽江学院学报},
   volume = {35},
   number = {5},
   pages = {67-72},
   year = {2014},
   type = {Journal Article}
}

@article{fastprocessing,
   author = {段宗涛 and 沙爱民 and 张燕妮},
   title = {高性能嵌入式图像处理系统研究},
   journal = {微电子学与计算机},
   volume = {25},
   number = {6},
   pages = {38-41},
   year = {2008},
   type = {Journal Article}
}

@article{raspnet,
   author = {汪鑫 and 彭雨薇},
   title = {基于树莓派的网络监控系统的研究与实现},
   journal = {硅谷},
   volume = {7},
   number = {14},
   pages = {25-26},
   year = {2014},
   type = {Journal Article}
}

@article{CCDCMOSf,
   author = {熊平},
   title = {CCD 与 CMOS 图像传感器特点比较},
   journal = {半导体光电},
   volume = {25},
   number = {1},
   pages = {1-4},
   year = {2004},
   type = {Journal Article}
}

@article{eletnature,
   author = {王云新 and 王大勇 and 杨怡姝 and 赵洁 and 欧阳丽婷 and 肖向茜 and 戎路},
   title = {数字全息技术在生物医学成像和分析中的应用},
   journal = {中国激光},
   volume = {41},
   number = {2},
   pages = {209002-1},
   abstract = {数字全息成像具有全视场、非接触、无损伤、实时性和定量化的独特优势，特别适合于无染色剂标记生物样品的定量三维重建和快速跟踪，在生物医学应用领域发展迅速。介绍了生物细胞的数字全息相衬成像原理，从细胞形貌测量、生物学参数、生理状态、药效反应和动力学分析几方面概述了数字全息成像方法在生物医学领域中的研究和应用进展，讨论了数字全息在生物医学方面的发展前景，并指出了数字全息成像所面临的挑战和亟待解决的技术问题。},
   keywords = {全息
相衬成像
显微
生物医学
活体细胞},
   ISSN = {0258-7025},
   DOI = {10.3788/cjl201441.0209002},
   url = {http://www.opticsjournal.net/abstract.htm?aid=OJ140121000318QmTpWs},
   year = {2014},
   type = {Journal Article}
}

@article{light3D,
   author = {王云新 and 王大勇 and 赵洁 and 李艳 and 万玉红},
   title = {基于数字全息显微成像的微光学元件三维面形检测},
   journal = {光学学报},
   volume = {31},
   number = {4},
   pages = {109-114},
   year = {2011},
   type = {Journal Article}
}

@article{lightf,
   author = {王仲春 and 高岳 and 黄粤熙 and 胡士凌 and 高稚允},
   title = {显微成像检测表面粗糙度},
   journal = {光学技术},
   volume = {5},
   pages = {46-48},
   year = {1998},
   type = {Journal Article}
}

@article{fenbianlv,
   author = {王华英 and 王大勇 and 赵洁 and 谢建军},
   title = {用于高分辨率成像的简单高效的数字全息技术},
   journal = {Chinese Optics Letters},
   volume = {6},
   number = {3},
   pages = {165-167},
   abstract = {基于全息系统的点扩散函数，研究了无预放大的数字全息成像系统的横向分辨率，给出了该系统横向分辨率极限的正确表达式。从而研究了提高数字全息系统成像分辨率的途径。建立了一种简单的离轴实验光路，以美国空军分辨率测试板为显微物体，基于菲涅耳衍射积分对所记录的全息图进行了数值重建。在无任何预放大的情况下，获得了2.6 微米的横向分辨率，这个分辨率与理论预言符合得很好。},
   keywords = {数字全息术，显微成像，分辨率},
   ISSN = {1671-7694},
   url = {http://www.opticsjournal.net/abstract.htm?aid=OJ080327000009aGcJfM},
   year = {2008},
   type = {Journal Article}
}

@article{machine,
   author = {王向军 and 王峰},
   title = {显微精密成像与微型机械尺寸检测技术},
   journal = {光学 精密工程},
   volume = {9},
   number = {6},
   pages = {511-513},
   year = {2001},
   type = {Journal Article}
}

@article{lightphy,
   author = {闽, 雷 and 毕革平},
   title = {Neophot32光学显微镜数字图像系统方法确认},
   journal = {理化检验－物理分册},
   volume = {43},
   number = {12},
   pages = {614-618},
   abstract = {以0.01 mm显微刻度尺和球墨铸铁金相试样及设计图形为样本,依据ISO/IEC 17025:2005,对Neophot32光学显微镜新配置的数字图像系统进行方法确认。确认内容包括:测量溯源性、清晰度、放大倍数、视场大小、长度测量、图谱比较及面积比测量等七方面。结果表明,该数字图像系统采集的显微组织图像清晰,放大倍数准确,视场大小满足相关金相检验标准要求,放大倍数可以溯源到国际单位制SI,对显微组织定量、半定量分析结果,与采用标准方法分析结果相同或更精确。该数字图像系统满足金相分析和检验的要求。},
   keywords = {显微镜
数码照相
方法确认},
   ISSN = {1001-4012},
   url = {http://www.mat-test.com/abstract.htm?aid=OJ151030000343rXu1w4},
   year = {2007},
   type = {Journal Article}
}

@book{lightxidian,
   author = {顺祥 and 海兴 and 物理学 and 劲松 and 光学},
   title = {物理光学与应用光学},
   publisher = {西安电子科技大学出版社},
   ISBN = {7560608507},
   year = {2000},
   type = {Book}
}

@article{
   author = {乔闹生 and 邹北骥 and 邓磊 and 曾友兵 and 邹剑臣},
   title = {一种基于图像融合的含噪图像边缘检测方法},
   journal = {光电子.激光},
   number = {11},
   pages = {2215-2220},
   abstract = {针对含噪声图像在边缘定位、噪声抑止、弱边缘保留及边缘细节的视觉感知等方面难以兼顾的具体情况,提出了一种基于图像融合的含噪图像边缘检测方法。首先,讨论了基于小波变换模极大值的图像边缘检测法;结合数学形态学基本运算与信息熵理论,提出了改进的灰值数学形态学图像边缘检测法,并分析了其基本原理。然后,结合两种方法的优点,采用叠加运算进行图像融合最终检测到的图像边缘连续完整。最后,与传统边缘检测法、小波变换模极大值法、改进的灰值数学形态学法进行了实验对比,结果表明,本文算法优质系数最大,所花时间最少。},
   keywords = {边缘检测
图像融合
小波变换模极大值
灰值数学形态学},
   ISSN = {1005-0086},
   year = {2012},
   type = {Journal Article}
}

@article{
   author = {冯志辉},
   title = {使用树莓派实现网络监控系统},
   journal = {电子技术与软件工程},
   number = {05},
   pages = {85},
   abstract = {本文分析了树莓派和Cacti的整体架构和工作原理,随后给出了树莓派网络监控系统的实现方案,最后就Cacti的常用插件做了简要说明。},
   keywords = {树莓派
Cacti
网络监控
实现},
   ISSN = {2095-5650},
   year = {2015},
   type = {Journal Article}
}

@article{bscs,
   author = {刘媛 and 张伟 and 王知学},
   title = {基于B/S和C/S架构的嵌入式远程监控系统},
   journal = {仪表技术与传感器},
   number = {10},
   pages = {39-41},
   abstract = {通过分析B/S架构和C/S架构的技术特点,针对传统远程监控系统数据传输效率和稳定性问题,提出一种基于B/S和C/S架构的嵌入式远程监控系统。在设计了系统的体系结构后,详细论述了B/S和C/S架构的软件设计。采用以B/S为主、C/S为辅的嵌入式远程监控系统,既运行稳定,操作简单,又可以加快网络的传输速度,提高系统的可靠性。该系统在工业控制等场合有着广泛的应用前景。},
   keywords = {B/S架构
C/S架构
远程监控系统
嵌入式系统},
   ISSN = {1002-1841},
   year = {2008},
   type = {Journal Article}
}

@article{fenge,
   author = {刘松涛 and 殷福亮},
   title = {基于图割的图像分割方法及其新进展},
   journal = {自动化学报},
   number = {06},
   pages = {911-922},
   abstract = {鉴于图割的理论意义和实际应用价值,系统综述了基于图割的图像分割方法.首先,深入分析了基于图割的图像分割方法的基本原理,主要从定性和定量角度剖析了图割与能量函数最小化之间的关系,然后,概括了基于图割的图像分割方法的基本步骤,包括能量函数的设计、图的构造和最小割/最大流方法,其次,系统梳理和评述了基于图割的图像分割方法的国内外研究现状,最后,指出了基于图割的图像分割方法的发展方向.},
   keywords = {图像分割
图割
能量最小化
图论},
   ISSN = {0254-4156},
   year = {2012},
   type = {Journal Article}
}

@phdthesis{juleifenge,
   author = {张新野},
   title = {基于聚类分析的图像分割方法研究},
   university = {大连海事大学},
   type = {博士},
   abstract = {图像分割方法是一种从图像中提取感兴趣信息的手段,已经成为从图像处理到图像分析的关键步骤。经历了几十年的发展与变化,基于各种理论的图像分割方法被提出。其中,基于聚类分析的图像分割方法是随着聚类算法的不断发展而产生出来的一种图像分割方法。 	基于聚类分析的图像分割方法主要分为基于硬划分聚类的图像分割方法和基于软划分聚类的图像分割方法。对于图像分割问题,它们的核心思想是根据像素间特征的相似程度对像素进行划分已达到图像分割的目的。它们之间存在了互补的关系,基于硬划分聚类分析的图像分割方法在解决具有简单内容的图像分割问题上能够体现更高的计算效率：而基于软划分聚类分析的图像分割方法能够解决基于硬划分聚类分析的图像分割方法很难解决的存在不确定性分类和具有复杂内容的图像分割问题,弥补了后者的不足。 	然而,对于聚类算法本身来说,仍然存在大量的问题,影响了图像分割的计算效率和分割效果。本文分别就硬划分聚类算法在图像分割上的计算效率问题和软划分聚类算法在图像分割上的分割效果问题分别进行了分析和研究。 	在硬划分聚类算法中,为了避免在搜索局部最优划分过程中陷入局部最小,国内外相关研究提出了很多方法,其中,J均值算法是一个具有逃离局部最小能力的局部搜索启发式算法。对比其它局部搜索启发式算法,它能够产生更小的聚类误差。但是,它付出了更高计算复杂度的代价。尤其是在实时图像分割中,它不能满足计算效率的要求。为此,在本文中,提出了一个快速的J均值算法,通过子划分的最小类内方差或最大类间方差对局部最优解的搜索范围进行约束。在搜索局部最优解之前从全部邻域解中产生出一个候选的邻域解,在这个候选的邻域解中搜索局部最优解。快速的J均值算法经过了公式推导和理论论证,证明了它能够降低原来算法的计算复杂度,提高算法的计算效率。在实验中,采用了标准数据集和真实的航空遥感图像对快速的J均值算法进行测试。实验结果验证了它在逼近或者等于J均值算法产生的结果的基础上,减少了计算时间,特别是在真实的航空遥感图像分割实验中,相比J均值算法,它能够满足实时图像分割的要求。 	在软划分聚类算法中,FMM采用了贝叶斯理论对图像中的像素进行划分,提供了一种用简单密度模拟复杂密度的有效的数学方法,得到了广泛的关注和研究。在最近二十年里,一些国内外相关文献指出FMM没有考虑将邻域像素间的空间关系引入到先验概率分布中导致分割结果对噪声的干扰非常敏感。为此,SVFMM被提出,其首次引入了邻域像素间的空间关系。在SVFMM的基础上,大量的相关研究被提出来加强先验概率分布中的空间信息,促使SVFMM对噪声具有更强的抑制能力。在本文中,提出了一个MDSVFMM。在MDSVFMM中,为每个像素定义了一个后验概率能量函数,通过利用重新定义的形态学膨胀函数对每个像素的后验概率能量函数进行膨胀,间接地对每个像素的后验概率分布进行膨胀,使邻域像素具有相似或着相同的后验概率分布。通过将后验概率分布赋予先验概率分布,邻域像素间的空间关系被引入到像素的先验概率分布中。为了验证MDSVFMM的性能,采用了示例图像,人工合成图像,医学核磁共振图像和医学计算机断层图像作为实验对象。实验结果表明了,MDSVFMM相对于对比模型具有更高的聚类精度和更强的噪声抑制能力,同时,MDSVFMM要求更少的估计参数并且更容易被实现。 	此外,在SVFMM中,固定的空间邻域使引入到先验概率分布中的空间信息对于局部空间关系的变化具有较弱的适应能力。在本文中,在MDSVFMM的基础上,提出了一个SVNSVFMM。在SVNSVFMM中,定义了像素的空间邻域模式,即边缘点模式和非边缘点模式。通过LVQ神经网络对每个像素的空间邻域模式进行判别,属于边缘点模式的像素的空间邻域不变,而属于非边缘点模式的像素的空间邻域变大,在不同的空间邻域中,适应于局部空间的空间信息被引入到像素的先验概率分布中,从而使先验概率分布更适应于局部空间中变化的空间关系。在实验中,采用了示例图像,人工合成图像和真实的热红外图像对SVNSVFMM进行测试。实验结果表明了,对比其它SVFMM,SVNSVFMM对于更高水平的噪声具有更强的抑制能力。},
   keywords = {图像分割
聚类分析
J均值算法
空间变化有限混合模型
空间平滑},
   year = {2012},
   type = {Thesis}
}

@article{
   author = {徐少平 and 刘小平 and 李春泉 and 胡凌燕 and 杨晓辉},
   title = {基于区域最大相似度的快速图像分割算法},
   journal = {光电子.激光},
   number = {05},
   pages = {990-998},
   abstract = {针对基于区域最大相似度图像分割(MSRM)算法中利用颜色直方图描述符计算相邻区域之间相似度存在着计算量大和描述能力的不足,提出改用基于局部二值模式(LBP)纹理描述符计算相邻区域相似度的改进MSRM(IMSRM)算法。LBP描述符通过对像素点之间局部微结构进行编码实现了对其空间关系的描述,有效提高了对区域特征的描述能力,并且所获得的特征矢量维数远小于颜色直方图,区域之间的相似度计算效率大幅度得到提高。与MSRM算法对比实验表明,IMSRM算法可以从各种复杂背景中有效提取待分割对象的轮廓,所提取的轮廓边缘细节上更优,算法执行效率能够提高50%左右。},
   keywords = {图像分割
区域特征
区域最大相似度规则
颜色直方图
局部二值模式(LBP)},
   ISSN = {1005-0086},
   year = {2013},
   type = {Journal Article}
}

@article{rasgpio,
   author = {李文胜},
   title = {基于树莓派的嵌入式Linux开发教学探索},
   journal = {电子技术与软件工程},
   number = {09},
   pages = {219-220},
   abstract = {通过Python、Java、C控制树莓派的GPIO,并与传统的嵌入式Linux开发教学比较,显示其高效且丰富的语言开发环境。通过树莓派推荐的Python语言实现串行通信和网络通信,分析实现智能家居与物联网的思路,并与传统的开发方式比较,显示其突出的实用价值。分析树莓派的软硬件和全球资源,介绍智能小车的教学实践,显示其在平台选型时的优势所在。最终得出树莓派可使嵌入式Linux开发及教育取得显著进展的结论。},
   keywords = {树莓派
Python
JavaC
嵌入式Linux},
   ISSN = {2095-5650},
   year = {2014},
   type = {Journal Article}
}

@article{rasptcpip,
   author = {李龙棋 and 方美发 and 唐晓腾},
   title = {树莓派平台下的实时监控系统开发},
   journal = {闽江学院学报},
   number = {05},
   pages = {67-72},
   abstract = {以Raspberry PI开源硬件平台作为图像服务器,通过TCP/IP协议与连接在同一个路由器上的IP摄像头通讯,实现一个在线实时监控系统;开发了一个基于TCP/IP协议的客户端,可以使得接驳于同一路由器上的客户端实现实时监控.实验证明该系统能够稳定正常运行,可靠性较高.},
   keywords = {树莓派
网络摄像头
图像采集},
   ISSN = {1009-7821},
   year = {2014},
   type = {Journal Article}
}

@phdthesis{picronghe,
   author = {杨扬},
   title = {基于多尺度分析的图像融合算法研究},
   university = {中国科学院研究生院（长春光学精密机械与物理研究所）},
   type = {博士},
   abstract = {图像融合技术主要是指采用一定的算法，把工作于不同波长范围，具有不同成像机理的图像传感器对同一场景的多个成像信息融合成一个新图像，从而使融合的图像可信度更高，模糊较少，可理解性更好，更适合人的视觉及计算机检测，分类，识别，理解等处理。基于多尺度分析的图像融合方法，模拟了人类视觉系统由“粗”及“细”感知物体的方式，可以获得比较好的融合效果，所以该类方法一直以来都是图像融合研究领域的热点。 	论文主要研究了基于多尺度分析的图像融合算法。介绍了多尺度分析的主要思想以及实现过程，在此基础上对多尺度分析图像融合算法的主要原理进行了深入研究。论文给出了融合算法的通用框架，并且介绍了多种基于该框架的融合方案，论文还对融合效果的评价标准进行了研究，分类型总结了不同的融合评价标准。论文研究了多种具体的多尺度分析图像融合算法，根据源图像类型的不同，融合环境的不同，以及多尺度变换的不同，提出了有针对性的融合方案。对于所提出的每一种融合算法，都详细介绍了它的理论基础、算法结构以及实现步骤，进行了大量的融合仿真实验，并从主、客观两方面对融合效果进行了评价和分析。 	论文主要的研究内容和成果如下： 	1.研究了基于多尺度分析的图像融合算法体系。研究了多种多尺度变换及其衍生形式，研究了图像融合的通用框架，总结了融合效果的客观评价标准。 	2.详细研究了离散小波变换的移变性原因。提出了基于非下采样离散小波变换的图像融合算法，通过实验证明该算法具有平移不变性质。 	3.针对多聚焦图像的成像特点，提出了基于聚焦评价函数的窗口系数融合规则。 	4.针对均匀离散曲波变换的高效性、低冗余性、多方向性以及近似平移不变性，提出一种基于该变换的图像融合算法。利用该变换与非下采样离散小波变换的不同表达优势，提出了一种混合融合算法。 	5.提出了非下采样形式的均匀离散曲波变换。在该变换基础上，提出了一种结合去噪过程的图像融合算法，减少了不必要的图像变换过程。针对红外与可见光图像，提出了基于区域分割的图像融合算法，制定了区域对比度和区域标准差系数融合规则。},
   keywords = {图像融合
多尺度分析
融合规则
NSDWT
UDCT
NSUDCT},
   year = {2013},
   type = {Thesis}
}

@article{raspnet,
   author = {汪鑫 and 彭雨薇},
   title = {基于树莓派的网络监控系统的研究与实现},
   journal = {硅谷},
   number = {14},
   pages = {25-26},
   abstract = {RaspberryPi(树莓派)凭借其卡片式的体积及良好性能迅速成为硬件DIY的明星产品。针对目前严峻的网络安全问题,提出以树莓派为硬件平台,使用Cacti监测预警的网络监控系统,分析了Cacti的整体架构和工作原理,对其如何移植到树莓派上进行了说明,最后对树莓派的更多应用做了简要描述。},
   keywords = {树莓派
Cacti
网络监控
卡片机},
   ISSN = {1671-7597},
   year = {2014},
   type = {Journal Article}
}

@phdthesis{
   author = {王华英},
   title = {数字全息显微成像的理论和实验研究},
   university = {北京工业大学},
   type = {博士},
   abstract = {数字全息术是一种新型的全息成像技术,它利用电荷耦合器件CCD代替传统的全息材料记录全息图,并用计算机数值模拟光学的衍射过程,从而再现原始物场的波前分布,实现了全息的记录、存储、传输和再现全过程的数字化。数字全息技术的独特优势使其成为近年来国际研究的热点,在细胞培养观测、微电路检测、粒度分析、形貌和变形测量、透明场测量等方面,有着广泛的应用前景。 	本论文通过理论分析、模拟计算和实验验证,对数字全息图的记录条件、再现算法、数字全息成像分辨率及提高分辨率的方法、三维重建方法以及全息成像系统的景深和焦深等数字全息应用中的基本问题,进行了系统的研究,取得了一些有意义的结果,主要内容如下: 	1.提出利用极值空间频率分析方法,推导得出了同时满足采样条件和再现像分离条件时各种光路配置情况下所允许的最小记录距离及参考光偏置要求表达式,并与现有文献中的相关结果进行了比较,其中,对于离轴菲涅耳数字全息,得到了与现有文献不同的结果,但本文给出的结果是严格的、准确的,其它情况下的结果是一样的。计算机模拟结果表明:对于离轴菲涅耳数字全息,在本文给出的条件下记录全息图,可以得到更高分辨率的、分离的再现像。 	2.基于无预放大数字全息系统的点扩散函数,分析了数字全息再现像的横向极限分辨率,指出了现有文献中存在的不足。提出了一种非常规的记录条件,即在理论允许的最小记录距离和参考点源偏置情况下,通过进一步减小记录距离及参考点源偏置,仅使目标成像区域的三级衍射像相分离,从而提高成像分辨率的方法,并给出了相应的记录条件表达式。利用无透镜傅里叶变换数字全息记录光路,改变记录条件前后,再现像的分辨率由3.91μm提高到了2.76μm,因此,实验结果证明了所提出的方法的可行性和有效性。 	3.首次详细推导了实际的预放大数字全息成像系统的点扩散函数,在此基础上分析了预放大数字全息系统极限分辨率的决定因素,指出了显微物镜成像分辨率与CCD成像分辨率之间的匹配要求,所得到的结论对于预放大数字全息图的记录具有指导意义。 	4.研究了数字全息位相重建的方法,详细推导了无透镜傅里叶变换数字全息和预放大数字全息的位相畸变因子,建立了位相掩模。比较了灰度方差法、灰度熵值法、傅利叶频谱对数和方法、Tenengrad算子方法及拉普拉斯算子和方法等数字成像过程中的自动聚焦算法,并将它们运用到预放大菲涅耳数字全息图的再现过程中来判定再现像面的准确位置,找到了适合于预放大数字全息的几种自动聚焦判断函数。利用自动位相补偿方法对实验得到的全息图进行了相应的位相重建,指出在强噪声情况下,需要将自动位相补偿方法与手动调节相结合,才能得到准确的三维像。 	5.系统地研究了数字全息成像系统的景深和焦深问题,利用再现像强度判据对常见的几种数字全息记录光路系统的焦深分别作了分析和推导,并对所得到的结果进行了计算机模拟和部分实验验证,结果表明:由再现像强度判据得到的数字全息成像系统的焦深与理论分析基本符合。然后根据理想成像四分之一波长的波像差限制,从离焦再现位相误差角度对菲涅耳数字全息的焦深作了进一步分析,结果与用再现像强度判据得到的焦深相差近三分之一。指出了数字全息成像系统的焦深不仅与记录时的数值孔径及参考光波长有关,还与具体的光路结构及参考光的偏置有关。},
   keywords = {数字全息术
显微成像
分辨率
三维重建
景深
焦深},
   year = {2008},
   type = {Thesis}
}

@article{
   author = {王斌 and 李洁 and 高新波},
   title = {一种基于边缘与区域信息的先验水平集图像分割方法},
   journal = {计算机学报},
   number = {05},
   pages = {1067-1072},
   abstract = {传统的水平集图像分割方法仅考虑了图像的数据信息,因此对被遮盖的目标以及与背景灰度相近的目标无法达到理想的分割效果.针对这个问题,提出了一种基于边缘和区域信息的先验水平集图像分割方法.该方法首先将图像的区域信息融入基于边缘的水平集方法,然后将其与形状先验结合.对比实验表明该文方法由于综合考虑了多种信息,能够更好地完成被遮盖目标的分割,对于与背景灰度相近的目标也能达到更好的效果.},
   keywords = {形状先验
水平集
主动轮廓模型
曲线演化
图像分割},
   ISSN = {0254-4164},
   year = {2012},
   type = {Journal Article}
}

@article{IoT,
   author = {苏祥林 and 陈文艺 and 闫洒洒},
   title = {基于树莓派的物联网开放平台},
   journal = {电子科技},
   number = {09},
   pages = {35-37+41},
   abstract = {针对当前物联网所面对的共性需求,提出了建立开放性的物联网服务平台,为物联网世界提供开放的服务。完成了对传感器数据的接入、管理、存储、处理及应用。并以树莓派作为网关设备端进行图像数据的采集,通过Http或Socket.IO与云平台服务器建立连接,完成数据的实时传输。},
   keywords = {物联网
树莓派
Socket.IO},
   ISSN = {1007-7820},
   year = {2015},
   type = {Journal Article}
}

@article{
   author = {许新征 and 丁世飞 and 史忠植 and 贾伟宽},
   title = {图像分割的新理论和新方法},
   journal = {电子学报},
   number = {S1},
   pages = {76-82},
   abstract = {图像分割是是计算机视觉研究中的一个经典难题,已成为图像理解领域关注的一个热点.本文对近年来图像分割方法的研究现状与新进展进行了归纳总结.首先,简单介绍了图像分割的传统方法,包括基于区域的、基于边缘的和两者结合的图像分割方法.然后,分别从数学形态学、模糊集、神经网络、支持向量机、免疫算法、图论和粒度计算等方面对图像分割方法进行了重点讨论,并对应用每一种理论的最新研究进展作了评述.最后,对图像分割方法的发展趋势进行了展望.},
   keywords = {图像分割
粒度
免疫算法
图论
神经网络
支持向量机},
   ISSN = {0372-2112},
   year = {2010},
   type = {Journal Article}
}

@phdthesis{guleialgo,
   author = {许晓丽},
   title = {基于聚类分析的图像分割算法研究},
   university = {哈尔滨工程大学},
   type = {博士},
   abstract = {聚类分析是数据挖掘的重要手段，其应用领域广泛，包括统计学、图像处理、医疗诊断、信息检索、生物学以及机器学习等。聚类算法应用于图像分割时能够获得较好的分割效果而得到广泛的关注和应用。图像分割是图像处理到图像分析理解的中间步骤，也是计算机视觉研究中由低级视觉到高级视觉的桥梁。获取良好的图像分割效果是后续图像分析、理解和识别顺利开展的基础。然而，随着现代电子成像设备的飞速发展，图像的像素规模迅速增长，图像的类型也趋于多样化，图像本身还存在很多固有的特殊性和不可预知的复杂性，图像分割的速度和质量也因实时性要求日益受到人们的关注，待处理的数字图像数据集过大时，图像分割的质量和速度总是相矛盾的，很多聚类分割算法的实现过程往往更加耗时，缺乏精度或不合实际，因此如何有效的应用聚类算法实现实时自动快速高质量的图像分割仍然是极其重要并尚待有效解决的问题。 	本文主要针对图像分割的上述问题以及一些聚类算法存在的高昂计算复杂度和巨大内存需求而难以应用于大规模图像数据集的分割处理中的问题展开研究和讨论。在此过程中，本文的主要创新体现在以下几方面： 	（1）针对传统Ncut谱聚类算法计算复杂度高的问题，本文提出基于形态学分水岭和Ncut的图像分割算法，融合二者的优点用于彩色图像分割，将二次分水岭运算分割后得到的区域视为图的节点，并利用彩色信息以及空间位置信息构造新的权值矩阵，结合区域颜色信息和位置信息重新构造的权值矩阵，对不同的分割图像无需手动设置参数，使权值矩阵的计算具有一定的自适应性。提出的算法与传统的Ncut算法相比，图像分割效果更好，分割效率也大幅度提升。 	（2）针对近邻传播聚类算法（affinity propagation，AP）存在运算时间长、空间复杂度高而难以应用于较大规模图像数据处理的问题，提出一种改进的近邻传播聚类的彩色图像分割算法MSAP，该算法首先用mean shift（MS）算法对输入彩色图像进行预分割，计算预分割后得到的区域内像素的均值作为整个区域的颜色值，计算区域间的颜色差值构成AP算法中的相似度矩阵，显然mean shift算法预分割后的区域数目远远小于图像本身的像素点数目，因此用分割得到的区域数目代替图像像素点数目，有效地减小了相似度矩阵的规模，大大地节省了算法的运算时间。通过大量实验验证了MSAP算法在处理能力和运算速度上明显优于AP算法，并且该算法在彩色图像分割中取得了较为满意的分割结果。 	（3）层次聚类算法（hierarchical clustering，HC）能够考虑全局信息获取高质量的聚类结果，但其计算复杂度高，运行时间较长，限制了该算法在大规模图像分割中的应用，因此本文提出一种基于mean shift算法和层次聚类的图像分割算法MSHC，并将其应用于彩色图像和医学图像的分割中，取得了较好的分割效果。 	（4）为了得到稳定、高质量的聚类结果，提出一种新的聚类算法，即根据数据点能量和的大小识别类代表点和类成员点，通过数据点间的竞争识别出最有能力成为类成员的数据点，并通过实验验证了提出算法的有效性。为了将该算法应用于大规模图像数据集的分割问题，进一步提出将其与均值漂移算法有效地结合并应用于大规模彩色图像数据的分割问题中，取得了较好的分割效果，且分割效率较高。 	（5）针对图像分割中传统谱聚类算法的计算复杂度高和存储需求大的问题，本文将余弦相似度引入到图像的谱聚类分割中，构造图像的余弦相似度矩阵，并将其作为图像谱分割的权值矩阵，提出一种基于Nystr m逼近策略的快速谱聚类算法，并通过实验验证了该算法的有效性。},
   keywords = {图像分割
聚类分析
谱聚类
mean shift
近邻传播
数据点竞争},
   year = {2012},
   type = {Thesis}
}

@phdthesis{bshome,
   author = {闫石},
   title = {基于嵌入式B/S架构的智能家居远程监控系统开发},
   university = {南京理工大学},
   type = {硕士},
   abstract = {随着物质生活的日益丰裕,人们对生活幸福感的追求更加迫切,而优质的家居生活正是幸福感产生的源泉,智能家居系统也因此走入了人们的生活。由于物联网技术的日益成熟以及嵌入式系统在工业、家居控制领域的广泛应用,智能家居系统得到了蓬勃发展。 	本文详细深入的描述了基于B／S架构智能家居系统的设计。通过对现有智能家居系统开发模式以及功能需求的分析,提出了智能家居系统的总体架构,并且设计出了系统的通信方案,同时给出了系统实现的各个功能模块。智能家居系统以ARM9微处理器作为硬件主控制器,并且以嵌入式Linux操作系统作为软件开发平台,在此基础上,该系统主要实现了两个基本服务：基于室外的远程智能家居监控服务和基于室内的智能管理服务。这两个基本服务主要由家庭智能网关系统、家庭内网系统以及家庭语音系统组成。在系统的实现过程中,论文主要完成了家庭智能网关系统中的嵌入式服务器搭建和CGI智能交互程序的设计、家庭内网中的无线wifi的组网以及系统各功能模块中的Linux程序和CGI交互程序的设计。 	最后针对本论文所实现的两种基本智能家居系统服务功能,进行了web远程网页控制测试与语音控制测试。实验表明,各个功能模块满足了系统设计要求,系统总体能够满足家居用户的实际需求,验证了本文设计的B／S架构智能家居系统的可行性。},
   keywords = {智能家居
B/S架构
CGI程序
嵌入式服务器
智能网关
wifi组网},
   year = {2014},
   type = {Thesis}
}

@phdthesis{
   author = {陈彦江},
   title = {基于局部区域信息的水平集医学图像分割方法研究},
   university = {河北大学},
   type = {硕士},
   abstract = {医学图像分割是对医学图像进行分析研究的关键步骤之一,高效且精确的医学图像分割是人体解剖结构重建、治疗规划、病灶确定与诊断和图形引导手术等研究的关键环节和重要基础,在生物医学领域具有重要的研究价值和实际意义。本文重点对灰度分布不均匀医学图像的高效精确分割方法进行研究。 	本文介绍了传统图像分割方法,分析了医学图像的成像原理与图像特点,并对水平集图像分割方法进行了深入探讨。由X线成像、MR成像和血管造影成像技术所获取的医学图像具有各组织内部灰度有明显变化以及不同组织间部分区域灰度值相同的特点,我们将其称为灰度分布不均匀性。Chan-Vese提出的基于Mumford-Shah模型的水平集分割方法虽然能够很好的处理对比度低、图像边缘模糊的图像,并有良好的抗噪性能,但是它无法正确分割具有灰度分布不均匀特点的图像。因此本文提出了基于局部区域信息的水平集分割算法。首先,本文将局部区域信息引入C-V模型中,构造了全新的能量函数;其次,将正畸函数引入该模型,实现了水平集无需重新初始化。新的能量函数克服了传统的C-V模型只能利用图像全局信息的缺点,能够准确分割灰度分布不均匀的医学图像。该模型无需大量计算,水平集函数可快速收敛。MR图像、血管造影图像和X线骨折图像的实验结果证明了该方法的实用性。},
   keywords = {图像分割
水平集方法
C-V模型
局部区域信息},
   year = {2010},
   type = {Thesis}
}

@article{
   author = {高峰 and 陈雄 and 陈婉秋},
   title = {基于树莓派B+微处理器的视频检测跟踪系统},
   journal = {电视技术},
   number = {19},
   pages = {105-108},
   abstract = {针对目前视频检测跟踪系统大多是在PC机上实现的现状,设计了一种基于树莓派B+微处理器的嵌入式检测跟踪系统,实现了视频检测跟踪系统的便携式小型化。在图像处理算法上采用帧间差分方法进行目标检测,通过形心标记进行目标跟踪。本系统采用基于Linux操作系统的树莓派B+微处理器进行算法移植,通过远程桌面连接工具和小型液晶显示器进行视频显示。实验结果表明,该系统可以很好地实现视频检测跟踪的基本功能。},
   keywords = {目标检测跟踪
树莓派B+微处理器
帧差法
形心标记
图像处理},
   ISSN = {1002-8692},
   year = {2015},
   type = {Journal Article}
}

@article{xianwei,
   author = {周疆明 and 程路明 and 贾宏涛},
   title = {显微镜技术研究进展},
   journal = {新疆农业科学},
   number = {S1},
   pages = {53-56},
   abstract = {对光学显微镜以及电子显微镜的发展进行了回顾,重点介绍了自20世纪以来显微镜技术的重大进展,并对激光共聚焦显微镜和扫描隧道显微镜进行了重点介绍。},
   keywords = {显微技术
激光共聚焦显微镜
扫描隧道显微镜},
   ISSN = {1001-4330},
   year = {2006},
   type = {Journal Article}
}

@article{baomodev2012,
	author = {李金丽 and 刘全校 and 许文才},
	title = {光学薄膜及其发展现状},
	journal = {化工新型材料},
	volume = {v.40;No.473},
	number = {02},
	pages = {14-15+20},
	abstract = {介绍了传统光学薄膜的原理,并对反光膜、增透膜、纳米光学薄膜等传统光学薄膜的研究现状及应用情况,以及几种新型光学薄膜如高强度激光器、金刚石及类金刚石膜、软X射线多层膜、光电通信用光学薄膜的研究现状及应用进行了详细分析;最后对光学薄膜的发展前景进行了展望。},
	keywords = {光学薄膜
	反光膜
	增透膜
	纳米光学薄膜
	新型光学薄膜},
	ISSN = {1006-3536},
	year = {2012},
	type = {Journal Article}
}

@article{baomodev2012zhibei,
	author = {沈远香 and 黄晓霞 and 王永惠},
	title = {光学薄膜的研究新进展及应用},
	journal = {四川兵工学报},
	volume = {v.33;No.169},
	number = {08},
	pages = {105-107},
	abstract = {随着科学技术的进步,光学薄膜及相关技术不论从广度还是深度来看都得到了显著发展,并逐渐渗透到现代技术和高端技术等领域。对光学薄膜的3种制备技术:物理气相学沉积(PVD)、化学气相沉积(CVD)和化学液相沉积(CLD)进行了分析。综述了几种新型光学薄膜(金刚石薄膜及类金刚石薄膜、软X射线多层膜、太阳能选择性吸收膜、高强度激光膜)的研究进展以及光学薄膜的应用情况。},
	keywords = {光学薄膜
	制备技术
	气相沉积
	液相沉积},
	ISSN = {1006-0707},
	year = {2012},
	type = {Journal Article}
}

@article{baomo2002,
	author = {王学华 and 薛亦渝 and 赵利 and 张幼陵},
	title = {新型光学薄膜研究及发展现状},
	journal = {武汉理工大学学报},
	number = {02},
	pages = {20-23},
	abstract = {综述了近年来国内外在新型光学薄膜如高强度激光膜、金刚石及类金刚石膜、软 X射线多层膜、太阳能选择性吸收膜和光通信用光学膜的制备及其在器件方面的研究和应用情况 ,并对光学薄膜的研究进行了展望。},
	keywords = {光学薄膜
	研究进展},
	ISSN = {1000-2405},
	year = {2002},
	type = {Journal Article}
}

@phdthesis{wujingcaozuo,
	author = {丁良},
	title = {普通显微镜操作控制平台的自动化改造},
	university = {山东大学},
	type = {硕士},
	abstract = {目前，高科技研究型显微镜(例如的透射电子显微镜、扫描电子显微镜)等光学仪器的调焦系统大部分都已经采用了自动调焦，有些配备数码照相系统，这些仪器价格昂贵。本项目旨在将普通显微镜(例如目前高等学校普遍使用的产品型号为XSP-2C、44X3A的显微镜)进行改造，并在数台普通显微镜组成的局域网内数据传送、图像传送方面优越于高科技研究型显微镜，减少了普通的教学系统的教学成本，更适合当前我国教学状况。 本系统采用步进电机控制驱动载物台的X、Y两轴和进行图像观察的Z轴运动，对三维运动平台进行了结构设计，整个系统采用上位机控制，RS232通讯。在上位机的图像处理中，对当前图像清晰度判别函数进行对比，并采用小波变换对图像清晰度进行判别，使系统快速聚焦。对系统的运动精度和定位精度进行了分析，用误差补偿的方法提高了系统的精度。 本项目的主要工作 (1) 自制多轴控制器，采用一片单片机通过扩展，控制四个方向的步进电动机，即显微镜载物台的X、Y及Z轴方向，镜头的转动方向。 (2) 控制普通(改进后的)显微镜使用的计算机操作平台，采用VB6.0编程，精确显示显微镜物镜的位置。通过数码照相，在该操作平台上亦能显示图像，显微镜物镜的操作与显示图像的清晰度联系在一起，有利调节比较。 (3) 在该显微镜使用的计算机操作平台上，不仅精确显示显微镜物镜的当前位置，同时能保留十几个这样精确显示显微镜物镜的位置(可根据需要添加)的显示，以便在以后的显微镜测试相同、相似标本时，能迅速使物镜到达指定位置，然后再进行微调，节省时间，提高工作效率。因此该设备具有记忆显示功能。 (4) 数据共享 将数十台普通显微镜的改造后，联成局域网，把教师用的计算机操作平台作为总台，在总台上可将调整好的精确显示物镜的位置，通过局域的联接，下传到学生用的控制显微镜计算机操作平台上，学生便可根据教师的数据很方便的调节显微镜，达到预期的效果。同时，教师用计算机操作平台(总台)上显示学生调节的数据，可方便的制止学生因操作不当(例如调节超限)损坏显微镜，具有保护功能。将数十台普通显微镜的改造后，联成局域网，如果因学生的显微镜或标本不同、显微镜损坏等原因，教师可直接把图像传送给学生，进行演示讲解，达到预期教学的效果。},
	keywords = {单片机
	普通显微镜
	自动聚焦
	步进电机},
	year = {2006},
	type = {Thesis}
}

@article{wujing1,
	author = {肖倩},
	title = {生物显微镜变倍物镜的光学设计},
	journal = {光学仪器},
	volume = {No.156},
	number = {02},
	pages = {78-81},
	abstract = {生物显微镜也可以像体视显微镜一样进行连续变倍观察,提出了生物显微镜变倍物镜的光学设计方法,介绍了设计前要求考虑的各项技术指标,以解决物镜像质和结构紧凑之间的矛盾,最终给出了一个变倍比达到10:1的生物显微镜变倍物镜的设计实例。},
	keywords = {生物显微镜
	变倍物镜
	光学设计},
	ISSN = {1005-5630},
	year = {2007},
	type = {Journal Article}
}

@phdthesis{wujingshuma,
	author = {黄幼萍},
	title = {数码裂隙灯显微成像光学系统设计},
	university = {福建师范大学},
	type = {硕士},
	abstract = {裂隙灯显微镜广泛应用于眼视光学领域,随着数码成像技术、计算机技术和图像处理技术的不断完善,大力推动了裂隙灯显微镜技术的进步,各种系列的裂隙灯显微镜层出不穷。传统的裂隙灯显微镜仅能用眼睛观察,长时间观测会带来视觉疲劳,且分辨率低下,影响诊断结果,而数码裂隙灯显微镜可利用计算机进行动态观察,具有高分辨率成像、快速捕捉影像,随时储存信息等特性,使得它成为业界人士研究的热点。为了提高分辨率,本论文采用平行式伽利略望远系统的方式设计具有5档有级变倍、CCD内置式一体化的数码裂隙灯显微镜的光学系统,主要完成以下几个工作：1、根据数码裂隙灯显微镜光学系统设计的成像原理,把整个系统分为前置物镜、伽利略望远系统和摄影物镜三个结构,分别研究各自的光学特性。2、推导出变倍系统的倍率以及每一个结构的设计指标,确定整个系统的外形尺寸。3、利用Zemax的多重结构同时对5档放大倍率的不同镜片组进行像差优化设计。先进行与前置物镜共轴状态下的优化设计,在共轴系统取得良好性能的基础上,将伽利略系统的光轴在-Y方向上进行平移,实现非共轴的优化设计。},
	keywords = {数码裂隙灯显微镜
	光学系统设计
	Zemax多重结构
	一体化
	非共轴},
	year = {2015},
	type = {Thesis}
}

